Trd, 000001.942, 238
Trd, 000002.054, 184
Trd, 000002.858, 169
Trd, 000005.138, 171
Trd, 000005.429, 165
Trd, 000006.108, 211
Trd, 000007.887, 234
Trd, 000007.946, 228
Trd, 000008.329, 227
Trd, 000008.337, 217
Trd, 000008.721, 221
Trd, 000009.929, 225
Trd, 000010.642, 224
Trd, 000010.721, 223
Trd, 000010.758, 219
Trd, 000011.196, 216
Trd, 000012.408, 219
Trd, 000013.450, 228
Trd, 000013.546, 214
Trd, 000015.792, 230
Trd, 000016.062, 223
Trd, 000016.537, 232
Trd, 000016.696, 226
Trd, 000016.812, 216
Trd, 000017.637, 232
Trd, 000018.033, 223
Trd, 000018.300, 212
Trd, 000018.912, 211
Trd, 000018.917, 212
Trd, 000019.071, 210
Trd, 000019.092, 209
Trd, 000019.129, 211
Trd, 000019.212, 207
Trd, 000019.383, 205
Trd, 000019.696, 204
Trd, 000019.771, 204
Trd, 000019.929, 205
Trd, 000020.000, 206
Trd, 000020.025, 207
Trd, 000020.133, 207
Trd, 000020.308, 204
Trd, 000020.346, 203
Trd, 000020.596, 202
Trd, 000021.033, 200
Trd, 000022.096, 189
Trd, 000022.337, 189
Trd, 000022.492, 173
Trd, 000023.042, 188
Trd, 000023.133, 190
Trd, 000023.212, 178
Trd, 000023.437, 173
Trd, 000023.504, 191
Trd, 000024.208, 195
Trd, 000024.325, 202
Trd, 000024.675, 206
Trd, 000025.221, 198
Trd, 000025.475, 172
Trd, 000025.767, 205
Trd, 000025.967, 202
Trd, 000026.025, 208
Trd, 000026.267, 122
Trd, 000026.825, 141
Trd, 000026.842, 108
Trd, 000027.079, 75
Trd, 000027.942, 168
Trd, 000028.408, 74
Trd, 000028.562, 63
Trd, 000028.646, 59
Trd, 000028.696, 58
Trd, 000029.175, 214
Trd, 000030.937, 226
Trd, 000031.133, 227
Trd, 000031.800, 225
Trd, 000032.733, 224
Trd, 000032.987, 224
Trd, 000032.996, 223
Trd, 000033.012, 204
Trd, 000034.379, 210
Trd, 000034.958, 211
Trd, 000035.225, 212
Trd, 000036.263, 211
Trd, 000036.417, 210
Trd, 000037.000, 209
Trd, 000037.225, 206
Trd, 000037.421, 206
Trd, 000037.929, 207
Trd, 000038.025, 204
Trd, 000039.196, 205
Trd, 000039.208, 207
Trd, 000039.513, 203
Trd, 000039.700, 206
Trd, 000040.563, 208
Trd, 000040.821, 232
Trd, 000041.067, 213
Trd, 000042.358, 221
Trd, 000042.479, 219
Trd, 000042.792, 216
Trd, 000043.429, 205
Trd, 000043.888, 205
Trd, 000044.579, 209
Trd, 000044.717, 214
Trd, 000044.788, 208
Trd, 000045.404, 207
Trd, 000045.438, 208
Trd, 000045.588, 209
Trd, 000046.129, 208
Trd, 000046.829, 208
Trd, 000046.871, 209
Trd, 000046.913, 208
Trd, 000047.142, 206
Trd, 000047.871, 206
Trd, 000048.208, 204
Trd, 000048.363, 206
Trd, 000048.808, 206
Trd, 000048.933, 204
Trd, 000049.738, 203
Trd, 000049.967, 204
Trd, 000050.142, 207
Trd, 000050.763, 212
Trd, 000050.858, 208
Trd, 000050.933, 207
Trd, 000051.829, 207
Trd, 000052.738, 210
Trd, 000052.825, 208
Trd, 000053.104, 209
Trd, 000053.321, 207
Trd, 000053.604, 205
Trd, 000053.871, 204
Trd, 000054.633, 206
Trd, 000055.458, 210
Trd, 000055.788, 199
Trd, 000056.046, 206
Trd, 000056.500, 190
Trd, 000056.729, 203
Trd, 000057.054, 200
Trd, 000057.671, 203
Trd, 000057.688, 201
Trd, 000057.696, 204
Trd, 000057.788, 199
Trd, 000058.263, 125
Trd, 000058.771, 151
Trd, 000060.133, 153
Trd, 000060.204, 162
Trd, 000060.213, 164
Trd, 000060.221, 182
Trd, 000060.263, 191
Trd, 000060.288, 204
Trd, 000060.296, 349
Trd, 000060.317, 385
Trd, 000060.363, 418
Trd, 000060.367, 490
Trd, 000060.429, 554
Trd, 000060.454, 736
Trd, 000060.483, 1000
Trd, 000060.833, 1000
Trd, 000060.875, 1000
Trd, 000061.471, 1000
Trd, 000061.521, 1000
Trd, 000061.608, 1000
Trd, 000062.567, 1000
Trd, 000062.800, 1000
Trd, 000063.479, 1000
Trd, 000063.525, 1000
Trd, 000065.242, 1000
Trd, 000065.446, 1000
Trd, 000066.342, 1000
Trd, 000067.413, 1000
Trd, 000067.425, 1000
Trd, 000067.554, 1000
Trd, 000067.617, 1000
Trd, 000067.996, 1000
Trd, 000068.300, 1000
Trd, 000068.567, 1000
Trd, 000068.758, 1000
Trd, 000070.983, 1000
Trd, 000071.038, 1000
Trd, 000071.150, 1000
Trd, 000071.296, 1000
Trd, 000071.633, 1000
Trd, 000072.704, 1000
Trd, 000072.892, 736
Trd, 000073.175, 736
Trd, 000073.971, 245
Trd, 000074.267, 243
Trd, 000075.813, 242
Trd, 000077.850, 242
Trd, 000078.167, 234
Trd, 000078.813, 234
Trd, 000079.208, 233
Trd, 000079.388, 233
Trd, 000079.742, 233
Trd, 000080.071, 234
Trd, 000080.513, 232
Trd, 000080.571, 231
Trd, 000081.071, 231
Trd, 000081.258, 232
Trd, 000081.538, 231
Trd, 000081.692, 230
Trd, 000081.808, 230
Trd, 000081.921, 231
Trd, 000082.021, 229
Trd, 000082.079, 233
Trd, 000082.550, 228
Trd, 000082.675, 228
Trd, 000083.913, 229
Trd, 000084.129, 227
Trd, 000084.325, 227
Trd, 000084.846, 226
Trd, 000085.213, 233
Trd, 000085.617, 230
Trd, 000085.700, 228
Trd, 000085.717, 230
Trd, 000086.842, 226
Trd, 000087.363, 226
Trd, 000087.704, 225
Trd, 000087.963, 225
Trd, 000088.079, 227
Trd, 000089.263, 224
Trd, 000089.754, 224
Trd, 000090.058, 223
Trd, 000090.508, 223
Trd, 000090.525, 225
Trd, 000090.683, 223
Trd, 000091.458, 222
Trd, 000091.654, 224
Trd, 000091.737, 222
Trd, 000091.933, 224
Trd, 000092.087, 221
Trd, 000092.496, 221
Trd, 000093.625, 221
Trd, 000094.033, 221
Trd, 000094.158, 222
Trd, 000094.321, 219
Trd, 000094.354, 220
Trd, 000094.400, 219
Trd, 000094.871, 221
Trd, 000096.054, 218
Trd, 000096.412, 217
Trd, 000096.637, 217
Trd, 000096.742, 216
Trd, 000096.754, 216
Trd, 000096.975, 219
Trd, 000097.571, 217
Trd, 000097.708, 216
Trd, 000097.779, 219
Trd, 000099.100, 219
Trd, 000099.312, 218
Trd, 000100.304, 217
Trd, 000100.754, 217
Trd, 000101.396, 216
Trd, 000101.429, 215
Trd, 000101.437, 216
Trd, 000101.592, 218
Trd, 000101.942, 227
Trd, 000102.542, 240
Trd, 000102.737, 225
Trd, 000104.450, 242
Trd, 000104.912, 237
Trd, 000105.487, 242
Trd, 000105.646, 234
Trd, 000106.000, 228
Trd, 000106.433, 225
Trd, 000106.821, 220
Trd, 000107.587, 220
Trd, 000108.504, 227
Trd, 000108.683, 219
Trd, 000108.804, 227
Trd, 000109.037, 227
Trd, 000109.687, 222
Trd, 000110.075, 223
Trd, 000110.362, 222
Trd, 000110.454, 223
Trd, 000110.592, 223
Trd, 000110.654, 224
Trd, 000110.721, 222
Trd, 000110.875, 222
Trd, 000110.979, 222
Trd, 000111.012, 221
Trd, 000111.337, 218
Trd, 000111.633, 217
Trd, 000112.021, 218
Trd, 000112.067, 216
Trd, 000112.792, 216
Trd, 000112.821, 217
Trd, 000113.125, 215
Trd, 000113.287, 215
Trd, 000113.371, 215
Trd, 000114.287, 214
Trd, 000114.304, 215
Trd, 000114.712, 218
Trd, 000115.392, 215
Trd, 000116.254, 217
Trd, 000116.342, 216
Trd, 000116.404, 213
Trd, 000116.467, 212
Trd, 000116.842, 219
Trd, 000117.079, 220
Trd, 000117.108, 220
Trd, 000117.204, 227
Trd, 000118.133, 227
Trd, 000118.442, 213
Trd, 000118.771, 212
Trd, 000119.808, 221
Trd, 000120.825, 229
Trd, 000120.983, 230
Trd, 000121.262, 219
Trd, 000121.721, 219
Trd, 000121.762, 219
Trd, 000122.108, 229
Trd, 000122.183, 225
Trd, 000122.629, 228
Trd, 000123.254, 227
Trd, 000123.271, 228
Trd, 000123.458, 222
Trd, 000123.558, 221
Trd, 000123.737, 226
Trd, 000124.067, 219
Trd, 000125.033, 207
Trd, 000125.175, 211
Trd, 000125.604, 207
Trd, 000125.758, 207
Trd, 000126.262, 206
Trd, 000126.487, 201
Trd, 000126.583, 208
Trd, 000126.671, 221
Trd, 000128.087, 212
Trd, 000129.146, 216
Trd, 000129.383, 214
Trd, 000129.762, 213
Trd, 000130.062, 214
Trd, 000130.400, 214
Trd, 000130.600, 215
Trd, 000131.171, 219
Trd, 000131.704, 217
Trd, 000131.946, 217
Trd, 000131.979, 216
Trd, 000132.992, 225
Trd, 000133.954, 216
Trd, 000134.725, 221
Trd, 000135.208, 220
Trd, 000136.004, 219
Trd, 000136.146, 218
Trd, 000136.708, 220
Trd, 000136.796, 218
Trd, 000137.017, 220
Trd, 000137.329, 218
Trd, 000137.342, 214
Trd, 000137.362, 221
Trd, 000138.154, 192
Trd, 000138.483, 186
Trd, 000138.658, 233
Trd, 000138.817, 180
Trd, 000139.829, 169
Trd, 000139.850, 230
Trd, 000140.112, 231
Trd, 000141.454, 208
Trd, 000141.862, 235
Trd, 000142.537, 222
Trd, 000142.642, 230
Trd, 000143.621, 228
Trd, 000143.971, 223
Trd, 000144.100, 222
Trd, 000145.912, 224
Trd, 000146.204, 221
Trd, 000146.483, 228
Trd, 000147.375, 225
Trd, 000147.408, 221
Trd, 000147.537, 220
Trd, 000147.567, 224
Trd, 000147.762, 221
Trd, 000147.875, 222
Trd, 000148.246, 219
Trd, 000149.104, 220
Trd, 000149.617, 221
Trd, 000149.708, 220
Trd, 000149.733, 218
Trd, 000149.954, 222
Trd, 000150.042, 224
Trd, 000150.117, 227
Trd, 000150.583, 224
Trd, 000151.225, 228
Trd, 000151.604, 229
Trd, 000151.821, 226
Trd, 000152.642, 221
Trd, 000153.167, 221
Trd, 000153.217, 220
Trd, 000153.633, 226
Trd, 000154.358, 223
Trd, 000154.542, 222
Trd, 000155.054, 222
Trd, 000155.058, 221
Trd, 000156.508, 224
Trd, 000157.808, 221
Trd, 000157.867, 223
Trd, 000158.650, 223
Trd, 000159.287, 232
Trd, 000159.583, 234
Trd, 000160.033, 230
Trd, 000160.737, 246
Trd, 000160.754, 228
Trd, 000161.892, 239
Trd, 000162.383, 238
Trd, 000163.187, 237
Trd, 000163.633, 235
Trd, 000163.712, 235
Trd, 000163.979, 238
Trd, 000164.504, 237
Trd, 000164.708, 238
Trd, 000165.025, 237
Trd, 000165.279, 233
Trd, 000165.592, 231
Trd, 000165.650, 229
Trd, 000165.846, 225
Trd, 000165.879, 230
Trd, 000167.271, 226
Trd, 000167.362, 225
Trd, 000168.067, 225
Trd, 000168.212, 225
Trd, 000168.271, 224
Trd, 000168.467, 225
Trd, 000168.517, 227
Trd, 000169.108, 226
Trd, 000169.250, 223
Trd, 000169.596, 222
Trd, 000169.775, 224
Trd, 000170.054, 221
Trd, 000170.458, 220
Trd, 000170.612, 220
Trd, 000171.008, 219
Trd, 000171.229, 219
Trd, 000171.367, 220
Trd, 000171.558, 217
Trd, 000171.692, 221
Trd, 000171.912, 224
Trd, 000172.750, 218
Trd, 000172.892, 221
Trd, 000174.671, 220
Trd, 000175.100, 237
Trd, 000176.146, 236
Trd, 000177.050, 235
Trd, 000177.125, 217
Trd, 000177.221, 216
Trd, 000177.817, 216
Trd, 000177.950, 215
Trd, 000178.225, 220
Trd, 000178.429, 214
Trd, 000178.954, 212
Trd, 000179.087, 225
Trd, 000179.100, 210
Trd, 000179.158, 199
Trd, 000179.542, 204
Trd, 000179.842, 207
Trd, 000179.867, 195
Trd, 000180.096, 191
Trd, 000180.242, 151
Trd, 000180.262, 205
Trd, 000180.304, 165
Trd, 000180.667, 185
Trd, 000181.525, 184
Trd, 000181.729, 176
Trd, 000182.108, 177
Trd, 000182.821, 178
Trd, 000182.983, 177
Trd, 000183.062, 174
Trd, 000184.054, 176
Trd, 000184.058, 173
Trd, 000184.287, 176
Trd, 000184.383, 176
Trd, 000184.433, 177
Trd, 000185.062, 176
Trd, 000185.767, 181
Trd, 000186.654, 176
Trd, 000186.804, 195
Trd, 000186.950, 196
Trd, 000187.271, 192
Trd, 000187.625, 189
Trd, 000188.171, 227
Trd, 000189.112, 220
Trd, 000189.658, 229
Trd, 000190.662, 225
Trd, 000190.975, 224
Trd, 000191.229, 221
Trd, 000191.437, 219
Trd, 000191.446, 217
Trd, 000192.554, 212
Trd, 000193.192, 210
Trd, 000194.300, 206
Trd, 000194.404, 202
Trd, 000194.704, 206
Trd, 000194.754, 201
Trd, 000195.512, 205
Trd, 000195.725, 206
Trd, 000196.104, 207
Trd, 000196.112, 203
Trd, 000196.217, 201
Trd, 000196.954, 192
Trd, 000197.683, 206
Trd, 000197.712, 207
Trd, 000198.062, 198
Trd, 000198.146, 182
Trd, 000198.333, 197
Trd, 000198.400, 209
Trd, 000198.783, 188
Trd, 000198.925, 183
Trd, 000198.962, 182
Trd, 000199.012, 189
Trd, 000200.508, 233
Trd, 000200.712, 229
Trd, 000201.229, 228
Trd, 000201.383, 225
Trd, 000202.142, 219
Trd, 000202.217, 218
Trd, 000202.842, 220
Trd, 000203.900, 232
Trd, 000204.442, 235
Trd, 000204.558, 234
Trd, 000205.108, 226
Trd, 000206.400, 215
Trd, 000206.925, 216
Trd, 000207.112, 218
Trd, 000207.517, 218
Trd, 000207.604, 218
Trd, 000207.642, 216
Trd, 000208.317, 215
Trd, 000208.329, 214
Trd, 000208.358, 214
Trd, 000208.483, 212
Trd, 000209.104, 205
Trd, 000209.371, 204
Trd, 000209.404, 201
Trd, 000209.829, 205
Trd, 000210.112, 200
Trd, 000210.125, 184
Trd, 000210.137, 210
Trd, 000210.529, 187
Trd, 000210.721, 194
Trd, 000211.146, 182
Trd, 000211.325, 164
Trd, 000211.521, 196
Trd, 000211.646, 189
Trd, 000211.683, 190
Trd, 000211.779, 203
Trd, 000212.171, 196
Trd, 000212.471, 204
Trd, 000213.525, 199
Trd, 000214.192, 197
Trd, 000214.658, 195
Trd, 000214.721, 196
Trd, 000215.329, 193
Trd, 000215.633, 199
Trd, 000215.700, 192
Trd, 000215.992, 170
Trd, 000217.687, 180
Trd, 000218.321, 208
Trd, 000218.746, 198
Trd, 000219.029, 197
Trd, 000219.583, 232
Trd, 000221.608, 229
Trd, 000221.967, 230
Trd, 000222.071, 229
Trd, 000222.433, 229
Trd, 000222.962, 229
Trd, 000224.004, 227
Trd, 000224.392, 225
Trd, 000224.846, 225
Trd, 000225.008, 221
Trd, 000225.875, 228
Trd, 000225.925, 220
Trd, 000227.408, 224
Trd, 000227.650, 220
Trd, 000228.146, 222
Trd, 000228.704, 220
Trd, 000228.787, 217
Trd, 000229.012, 217
Trd, 000229.058, 213
Trd, 000229.958, 213
Trd, 000230.800, 215
Trd, 000230.904, 213
Trd, 000231.029, 211
Trd, 000231.146, 216
Trd, 000231.483, 207
Trd, 000231.675, 207
Trd, 000232.271, 217
Trd, 000232.492, 215
Trd, 000232.837, 212
Trd, 000232.971, 210
Trd, 000233.737, 208
Trd, 000233.971, 205
Trd, 000234.150, 206
Trd, 000234.617, 206
Trd, 000234.975, 202
Trd, 000235.117, 204
Trd, 000235.196, 205
Trd, 000235.658, 205
Trd, 000235.883, 206
Trd, 000235.962, 205
Trd, 000236.250, 206
Trd, 000236.375, 207
Trd, 000236.692, 215
Trd, 000236.737, 215
Trd, 000237.729, 202
Trd, 000237.929, 216
Trd, 000238.217, 211
Trd, 000238.842, 210
Trd, 000239.642, 209
Trd, 000239.942, 201
Trd, 000239.958, 210
Trd, 000240.058, 210
Trd, 000240.571, 213
Trd, 000240.879, 209
Trd, 000240.946, 181
Trd, 000241.596, 212
Trd, 000241.821, 208
Trd, 000242.362, 208
Trd, 000242.583, 209
Trd, 000243.050, 229
Trd, 000243.254, 229
Trd, 000244.229, 228
Trd, 000244.308, 227
Trd, 000244.675, 228
Trd, 000245.396, 250
Trd, 000246.142, 216
Trd, 000246.371, 215
Trd, 000246.812, 221
Trd, 000247.208, 233
Trd, 000247.479, 220
Trd, 000248.012, 233
Trd, 000248.287, 219
Trd, 000248.600, 196
Trd, 000248.892, 194
Trd, 000248.971, 152
Trd, 000249.337, 160
Trd, 000249.558, 222
Trd, 000250.062, 206
Trd, 000251.096, 226
Trd, 000251.337, 221
Trd, 000252.046, 220
Trd, 000252.792, 204
Trd, 000252.883, 210
Trd, 000253.012, 211
Trd, 000253.854, 217
Trd, 000254.008, 218
Trd, 000254.658, 178
Trd, 000254.729, 179
Trd, 000255.158, 214
Trd, 000255.221, 214
Trd, 000255.329, 213
Trd, 000255.542, 178
Trd, 000255.954, 212
Trd, 000256.171, 209
Trd, 000256.237, 210
Trd, 000256.437, 177
Trd, 000256.458, 213
Trd, 000256.500, 214
Trd, 000257.508, 151
Trd, 000258.925, 243
Trd, 000259.725, 251
Trd, 000259.975, 249
Trd, 000260.796, 264
Trd, 000260.842, 257
Trd, 000260.871, 241
Trd, 000261.387, 237
Trd, 000262.079, 260
Trd, 000263.162, 232
Trd, 000263.450, 232
Trd, 000263.850, 249
Trd, 000264.046, 251
Trd, 000265.154, 249
Trd, 000265.633, 249
Trd, 000266.258, 250
Trd, 000266.279, 250
Trd, 000267.121, 270
Trd, 000268.250, 258
Trd, 000268.379, 257
Trd, 000268.825, 251
Trd, 000269.304, 257
Trd, 000269.312, 249
Trd, 000269.492, 259
Trd, 000269.617, 245
Trd, 000269.754, 243
Trd, 000269.917, 237
Trd, 000270.208, 251
Trd, 000270.808, 242
Trd, 000270.933, 243
Trd, 000270.992, 244
Trd, 000271.854, 239
Trd, 000272.054, 241
Trd, 000272.250, 239
Trd, 000272.433, 239
Trd, 000272.492, 231
Trd, 000273.067, 179
Trd, 000273.187, 178
Trd, 000273.383, 209
Trd, 000273.642, 204
Trd, 000273.692, 206
Trd, 000273.729, 201
Trd, 000274.075, 191
Trd, 000274.887, 194
Trd, 000275.137, 192
Trd, 000275.229, 195
Trd, 000275.546, 193
Trd, 000275.771, 194
Trd, 000275.808, 194
Trd, 000275.858, 195
Trd, 000275.950, 194
Trd, 000276.258, 206
Trd, 000276.512, 218
Trd, 000276.746, 217
Trd, 000276.912, 195
Trd, 000278.212, 191
Trd, 000278.258, 195
Trd, 000278.583, 196
Trd, 000279.483, 142
Trd, 000279.600, 161
Trd, 000279.604, 180
Trd, 000279.683, 191
Trd, 000280.346, 180
Trd, 000280.679, 196
Trd, 000281.475, 198
Trd, 000282.429, 132
Trd, 000282.662, 157
Trd, 000282.887, 157
Trd, 000283.104, 156
Trd, 000283.121, 157
Trd, 000283.787, 140
Trd, 000284.550, 91
Trd, 000285.087, 90
Trd, 000285.467, 109
Trd, 000285.533, 139
Trd, 000286.450, 118
Trd, 000286.921, 138
Trd, 000287.108, 143
Trd, 000287.383, 140
Trd, 000287.542, 146
Trd, 000288.733, 147
Trd, 000289.100, 163
Trd, 000289.217, 164
Trd, 000289.358, 191
Trd, 000290.000, 201
Trd, 000290.050, 158
Trd, 000290.217, 209
Trd, 000291.046, 194
Trd, 000291.812, 211
Trd, 000291.858, 198
Trd, 000292.425, 212
Trd, 000292.479, 213
Trd, 000292.521, 214
Trd, 000293.133, 252
Trd, 000293.992, 264
Trd, 000294.642, 258
Trd, 000294.675, 256
Trd, 000294.742, 253
Trd, 000295.008, 254
Trd, 000296.104, 251
Trd, 000296.875, 251
Trd, 000297.179, 251
Trd, 000297.367, 246
Trd, 000297.558, 244
Trd, 000298.342, 236
Trd, 000298.362, 235
Trd, 000298.387, 233
Trd, 000299.229, 243
Trd, 000299.737, 244
Trd, 000300.092, 243
Trd, 000300.312, 242
Trd, 000302.004, 232
Trd, 000302.092, 231
Trd, 000302.117, 231
Trd, 000302.517, 230
Trd, 000303.017, 230
Trd, 000303.175, 227
Trd, 000303.908, 228
Trd, 000304.721, 229
Trd, 000305.267, 228
Trd, 000305.454, 229
Trd, 000305.896, 226
Trd, 000306.721, 224
Trd, 000307.217, 223
Trd, 000307.221, 222
Trd, 000307.417, 221
Trd, 000307.971, 234
Trd, 000308.692, 219
Trd, 000308.842, 218
Trd, 000309.154, 223
Trd, 000309.604, 223
Trd, 000310.012, 221
Trd, 000310.158, 217
Trd, 000311.271, 216
Trd, 000311.287, 216
Trd, 000312.437, 226
Trd, 000312.842, 223
Trd, 000313.008, 227
Trd, 000313.242, 225
Trd, 000314.975, 222
Trd, 000315.358, 225
Trd, 000315.375, 225
Trd, 000315.571, 223
Trd, 000316.317, 222
Trd, 000316.437, 222
Trd, 000317.092, 219
Trd, 000317.096, 224
Trd, 000317.446, 220
Trd, 000317.696, 219
Trd, 000317.825, 218
Trd, 000317.879, 217
Trd, 000318.158, 215
Trd, 000318.312, 214
Trd, 000319.046, 213
Trd, 000319.404, 212
Trd, 000319.433, 215
Trd, 000320.154, 211
Trd, 000320.962, 207
Trd, 000321.008, 209
Trd, 000321.225, 207
Trd, 000321.362, 208
Trd, 000321.467, 209
Trd, 000321.629, 210
Trd, 000321.875, 210
Trd, 000321.887, 207
Trd, 000322.587, 210
Trd, 000322.704, 204
Trd, 000322.767, 204
Trd, 000323.187, 210
Trd, 000323.337, 203
Trd, 000324.317, 204
Trd, 000324.429, 210
Trd, 000324.462, 211
Trd, 000324.521, 203
Trd, 000324.658, 201
Trd, 000324.771, 200
Trd, 000325.529, 197
Trd, 000325.662, 184
Trd, 000326.021, 170
Trd, 000326.171, 211
Trd, 000326.729, 205
Trd, 000327.379, 233
Trd, 000327.996, 232
Trd, 000328.292, 217
Trd, 000328.946, 214
Trd, 000329.000, 210
Trd, 000329.317, 209
Trd, 000329.721, 208
Trd, 000330.337, 207
Trd, 000330.437, 218
Trd, 000330.462, 206
Trd, 000331.275, 207
Trd, 000332.183, 209
Trd, 000332.525, 208
Trd, 000332.687, 205
Trd, 000333.037, 207
Trd, 000333.112, 209
Trd, 000333.629, 207
Trd, 000333.675, 209
Trd, 000334.337, 208
Trd, 000334.442, 209
Trd, 000335.133, 210
Trd, 000335.225, 206
Trd, 000335.862, 204
Trd, 000335.937, 207
Trd, 000336.271, 209
Trd, 000336.371, 203
Trd, 000337.200, 202
Trd, 000337.417, 201
Trd, 000337.767, 223
Trd, 000337.812, 200
Trd, 000338.821, 224
Trd, 000339.529, 229
Trd, 000339.917, 194
Trd, 000339.962, 193
Trd, 000340.412, 213
Trd, 000340.475, 214
Trd, 000341.179, 211
Trd, 000341.683, 212
Trd, 000341.721, 216
Trd, 000342.083, 190
Trd, 000342.421, 219
Trd, 000342.425, 182
Trd, 000342.837, 178
Trd, 000343.267, 200
Trd, 000343.417, 193
Trd, 000343.737, 230
Trd, 000344.779, 238
Trd, 000345.346, 237
Trd, 000345.879, 236
Trd, 000346.196, 251
Trd, 000347.342, 250
Trd, 000347.571, 240
Trd, 000347.917, 227
Trd, 000348.317, 227
Trd, 000348.675, 227
Trd, 000348.946, 231
Trd, 000349.229, 231
Trd, 000349.396, 229
Trd, 000349.812, 226
Trd, 000350.129, 224
Trd, 000350.658, 223
Trd, 000350.662, 224
Trd, 000350.850, 224
Trd, 000351.262, 225
Trd, 000351.742, 222
Trd, 000351.879, 207
Trd, 000352.275, 205
Trd, 000352.529, 221
Trd, 000352.671, 225
Trd, 000352.683, 204
Trd, 000353.071, 70
Trd, 000353.700, 213
Trd, 000354.542, 198
Trd, 000354.571, 195
Trd, 000354.758, 200
Trd, 000355.304, 204
Trd, 000355.625, 196
Trd, 000355.729, 196
Trd, 000356.717, 200
Trd, 000357.033, 201
Trd, 000357.142, 203
Trd, 000357.379, 203
Trd, 000358.392, 252
Trd, 000359.004, 248
Trd, 000359.133, 251
Trd, 000359.175, 251
Trd, 000359.292, 253
Trd, 000360.321, 249
Trd, 000361.037, 260
Trd, 000362.050, 250
Trd, 000362.854, 262
Trd, 000363.158, 254
Trd, 000363.737, 259
Trd, 000363.871, 271
Trd, 000364.417, 270
Trd, 000366.025, 283
Trd, 000367.212, 281
Trd, 000367.354, 280
Trd, 000367.454, 279
Trd, 000367.654, 275
Trd, 000367.754, 265
Trd, 000369.317, 269
Trd, 000369.367, 269
Trd, 000370.121, 265
Trd, 000370.350, 265
Trd, 000370.908, 261
Trd, 000371.108, 264
Trd, 000371.279, 261
Trd, 000371.483, 260
Trd, 000371.771, 255
Trd, 000372.104, 256
Trd, 000372.112, 254
Trd, 000372.275, 256
Trd, 000372.575, 256
Trd, 000372.675, 252
Trd, 000372.821, 252
Trd, 000373.112, 250
Trd, 000373.417, 249
Trd, 000373.483, 249
Trd, 000373.712, 234
Trd, 000374.187, 246
Trd, 000375.112, 233
Trd, 000375.312, 232
Trd, 000375.900, 230
Trd, 000375.925, 232
Trd, 000376.221, 227
Trd, 000376.379, 228
Trd, 000376.396, 229
Trd, 000376.879, 212
Trd, 000377.637, 216
Trd, 000377.900, 214
Trd, 000378.275, 215
Trd, 000378.525, 216
Trd, 000379.362, 176
Trd, 000380.092, 169
Trd, 000380.300, 170
Trd, 000380.625, 185
Trd, 000381.233, 181
Trd, 000381.433, 181
Trd, 000381.637, 182
Trd, 000381.737, 182
Trd, 000382.117, 180
Trd, 000382.312, 131
Trd, 000382.421, 104
Trd, 000382.700, 187
Trd, 000383.012, 186
Trd, 000383.142, 187
Trd, 000383.746, 141
Trd, 000383.883, 186
Trd, 000385.346, 185
Trd, 000385.479, 187
Trd, 000386.458, 203
Trd, 000386.633, 216
Trd, 000386.842, 201
Trd, 000387.087, 200
Trd, 000387.229, 216
Trd, 000388.142, 200
Trd, 000388.196, 199
Trd, 000388.271, 197
Trd, 000388.587, 202
Trd, 000388.962, 195
Trd, 000389.608, 217
Trd, 000390.579, 207
Trd, 000391.462, 212
Trd, 000391.537, 196
Trd, 000391.862, 214
Trd, 000392.012, 194
Trd, 000392.092, 217
Trd, 000392.358, 193
Trd, 000392.733, 192
Trd, 000392.896, 219
Trd, 000394.733, 220
Trd, 000395.192, 206
Trd, 000395.708, 210
Trd, 000396.212, 209
Trd, 000396.600, 212
Trd, 000396.887, 195
Trd, 000397.187, 171
Trd, 000398.025, 178
Trd, 000398.358, 187
Trd, 000399.329, 194
Trd, 000399.642, 193
Trd, 000399.954, 190
Trd, 000400.446, 190
Trd, 000401.633, 205
Trd, 000401.775, 186
Trd, 000402.279, 200
Trd, 000402.587, 182
Trd, 000402.908, 181
Trd, 000403.512, 178
Trd, 000403.646, 196
Trd, 000403.908, 167
Trd, 000404.050, 152
Trd, 000404.058, 195
Trd, 000404.804, 194
Trd, 000404.858, 188
Trd, 000404.904, 186
Trd, 000405.000, 164
Trd, 000405.462, 145
Trd, 000405.537, 150
Trd, 000405.762, 150
Trd, 000405.812, 193
Trd, 000405.892, 193
Trd, 000405.992, 152
Trd, 000406.092, 148
Trd, 000406.733, 144
Trd, 000406.792, 180
Trd, 000407.342, 219
Trd, 000407.462, 204
Trd, 000409.412, 233
Trd, 000409.808, 231
Trd, 000410.275, 224
Trd, 000410.437, 225
Trd, 000411.029, 227
Trd, 000411.042, 225
Trd, 000411.237, 227
Trd, 000411.400, 225
Trd, 000411.508, 224
Trd, 000412.146, 232
Trd, 000412.246, 223
Trd, 000412.408, 219
Trd, 000412.950, 217
Trd, 000413.962, 212
Trd, 000414.775, 215
Trd, 000415.258, 211
Trd, 000415.283, 208
Trd, 000415.629, 214
Trd, 000415.783, 215
Trd, 000416.242, 217
Trd, 000416.771, 217
Trd, 000417.442, 218
Trd, 000418.392, 234
Trd, 000419.396, 226
Trd, 000419.517, 218
Trd, 000419.608, 232
Trd, 000420.267, 213
Trd, 000422.012, 218
Trd, 000422.108, 219
Trd, 000422.137, 203
Trd, 000422.775, 217
Trd, 000422.912, 218
Trd, 000423.400, 216
Trd, 000423.667, 219
Trd, 000423.704, 219
Trd, 000423.792, 212
Trd, 000424.321, 219
Trd, 000426.337, 208
Trd, 000426.579, 210
Trd, 000426.762, 210
Trd, 000426.871, 211
Trd, 000426.896, 224
Trd, 000426.962, 206
Trd, 000427.212, 205
Trd, 000427.612, 205
Trd, 000428.187, 215
Trd, 000428.400, 204
Trd, 000428.442, 218
Trd, 000428.550, 220
Trd, 000428.604, 227
Trd, 000428.783, 230
Trd, 000428.821, 203
Trd, 000430.204, 266
Trd, 000430.292, 265
Trd, 000430.454, 264
Trd, 000430.737, 260
Trd, 000431.083, 266
Trd, 000431.617, 258
Trd, 000432.275, 267
Trd, 000432.383, 258
Trd, 000432.492, 259
Trd, 000432.875, 258
Trd, 000433.279, 256
Trd, 000433.317, 255
Trd, 000433.742, 210
Trd, 000433.850, 229
Trd, 000434.146, 193
Trd, 000434.796, 221
Trd, 000434.821, 239
Trd, 000435.133, 209
Trd, 000435.283, 230
Trd, 000435.771, 210
Trd, 000437.054, 214
Trd, 000437.621, 213
Trd, 000437.733, 215
Trd, 000438.483, 203
Trd, 000438.592, 210
Trd, 000439.400, 207
Trd, 000439.508, 208
Trd, 000439.596, 210
Trd, 000439.779, 210
Trd, 000439.946, 209
Trd, 000440.325, 176
Trd, 000440.379, 213
Trd, 000440.462, 227
Trd, 000441.092, 208
Trd, 000441.508, 218
Trd, 000441.904, 219
Trd, 000442.433, 219
Trd, 000442.858, 185
Trd, 000443.242, 237
Trd, 000443.854, 238
Trd, 000444.396, 157
Trd, 000444.962, 186
Trd, 000445.262, 187
Trd, 000445.946, 207
Trd, 000446.237, 220
Trd, 000447.462, 122
Trd, 000447.754, 132
Trd, 000447.796, 164
Trd, 000447.925, 159
Trd, 000447.992, 237
Trd, 000448.192, 246
Trd, 000448.875, 244
Trd, 000449.221, 246
Trd, 000449.687, 247
Trd, 000450.562, 252
Trd, 000450.875, 261
Trd, 000451.296, 260
Trd, 000451.396, 259
Trd, 000451.808, 259
Trd, 000451.937, 259
Trd, 000451.971, 259
Trd, 000452.004, 257
Trd, 000452.508, 258
Trd, 000452.871, 257
Trd, 000453.329, 256
Trd, 000453.625, 255
Trd, 000454.092, 250
Trd, 000455.137, 248
Trd, 000455.446, 249
Trd, 000456.046, 247
Trd, 000456.471, 244
Trd, 000456.900, 244
Trd, 000457.175, 243
Trd, 000457.458, 241
Trd, 000457.667, 246
Trd, 000457.758, 239
Trd, 000458.304, 243
Trd, 000458.642, 236
Trd, 000458.808, 235
Trd, 000459.100, 234
Trd, 000459.333, 232
Trd, 000459.471, 242
Trd, 000459.667, 231
Trd, 000460.542, 213
Trd, 000461.000, 211
Trd, 000461.067, 206
Trd, 000461.237, 211
Trd, 000461.833, 209
Trd, 000461.842, 205
Trd, 000462.300, 211
Trd, 000462.750, 219
Trd, 000462.796, 242
Trd, 000463.637, 222
Trd, 000463.704, 195
Trd, 000463.896, 190
Trd, 000464.425, 195
Trd, 000464.671, 196
Trd, 000465.800, 144
Trd, 000465.942, 143
Trd, 000466.079, 151
Trd, 000466.375, 149
Trd, 000466.808, 155
Trd, 000466.950, 171
Trd, 000467.183, 226
Trd, 000467.892, 151
Trd, 000468.329, 233
Trd, 000470.475, 204
Trd, 000470.517, 204
Trd, 000470.842, 226
Trd, 000471.071, 220
Trd, 000471.233, 203
Trd, 000471.383, 185
Trd, 000471.917, 184
Trd, 000472.142, 175
Trd, 000472.929, 207
Trd, 000473.062, 208
Trd, 000473.779, 197
Trd, 000474.450, 186
Trd, 000474.483, 179
Trd, 000474.487, 175
Trd, 000474.796, 174
Trd, 000475.692, 217
Trd, 000476.050, 218
Trd, 000476.437, 91
Trd, 000477.754, 214
Trd, 000478.092, 214
Trd, 000478.192, 213
Trd, 000478.304, 211
Trd, 000478.571, 209
Trd, 000478.883, 169
Trd, 000479.367, 158
Trd, 000479.554, 212
Trd, 000479.679, 211
Trd, 000480.025, 212
Trd, 000480.087, 210
Trd, 000480.237, 210
Trd, 000480.296, 210
Trd, 000480.312, 209
Trd, 000480.396, 210
Trd, 000480.446, 209
Trd, 000480.458, 209
Trd, 000480.492, 210
Trd, 000480.525, 208
Trd, 000480.579, 204
Trd, 000480.671, 202
Trd, 000480.717, 204
Trd, 000480.746, 206
Trd, 000480.967, 205
Trd, 000481.029, 204
Trd, 000481.162, 205
Trd, 000481.171, 206
Trd, 000481.442, 206
Trd, 000481.458, 205
Trd, 000481.729, 210
Trd, 000482.496, 245
Trd, 000483.104, 241
Trd, 000484.812, 247
Trd, 000484.917, 243
Trd, 000485.108, 241
Trd, 000485.175, 243
Trd, 000485.412, 240
Trd, 000485.542, 240
Trd, 000485.742, 237
Trd, 000486.208, 234
Trd, 000486.371, 231
Trd, 000486.483, 231
Trd, 000486.954, 228
Trd, 000487.075, 224
Trd, 000487.137, 225
Trd, 000487.533, 218
Trd, 000487.633, 213
Trd, 000487.962, 213
Trd, 000487.992, 216
Trd, 000489.112, 214
Trd, 000489.304, 215
Trd, 000489.608, 214
Trd, 000489.642, 217
Trd, 000490.200, 214
Trd, 000490.421, 213
Trd, 000490.621, 211
Trd, 000490.854, 209
Trd, 000490.912, 211
Trd, 000491.333, 213
Trd, 000491.587, 209
Trd, 000492.571, 274
Trd, 000493.479, 273
Trd, 000494.092, 262
Trd, 000494.212, 273
Trd, 000494.304, 274
Trd, 000494.604, 274
Trd, 000494.612, 272
Trd, 000494.892, 278
Trd, 000494.975, 279
Trd, 000495.367, 266
Trd, 000495.525, 280
Trd, 000495.687, 266
Trd, 000496.162, 266
Trd, 000496.479, 264
Trd, 000497.346, 270
Trd, 000497.617, 271
Trd, 000497.775, 271
Trd, 000498.125, 270
Trd, 000498.642, 268
Trd, 000499.283, 262
Trd, 000499.333, 259
Trd, 000499.700, 259
Trd, 000499.754, 262
Trd, 000499.779, 263
Trd, 000499.908, 261
Trd, 000499.967, 265
Trd, 000500.421, 263
Trd, 000500.804, 266
Trd, 000501.142, 264
Trd, 000501.229, 267
Trd, 000501.387, 294
Trd, 000502.650, 297
Trd, 000502.787, 297
Trd, 000502.875, 296
Trd, 000503.829, 297
Trd, 000503.875, 296
Trd, 000504.425, 285
Trd, 000504.958, 280
Trd, 000505.508, 285
Trd, 000506.021, 284
Trd, 000506.596, 282
Trd, 000506.946, 284
Trd, 000507.046, 281
Trd, 000507.487, 282
Trd, 000507.575, 279
Trd, 000507.637, 273
Trd, 000507.733, 272
Trd, 000507.929, 268
Trd, 000508.033, 268
Trd, 000508.217, 266
Trd, 000508.404, 263
Trd, 000508.900, 263
Trd, 000509.042, 262
Trd, 000509.554, 261
Trd, 000509.567, 259
Trd, 000509.908, 256
Trd, 000510.237, 258
Trd, 000510.317, 258
Trd, 000510.358, 255
Trd, 000510.508, 254
Trd, 000510.512, 254
Trd, 000510.804, 253
Trd, 000510.875, 256
Trd, 000511.137, 255
Trd, 000511.217, 252
Trd, 000511.371, 256
Trd, 000511.758, 252
Trd, 000511.975, 252
Trd, 000512.179, 250
Trd, 000512.404, 253
Trd, 000512.642, 250
Trd, 000513.004, 248
Trd, 000513.071, 247
Trd, 000513.629, 246
Trd, 000513.658, 249
Trd, 000514.000, 246
Trd, 000514.550, 249
Trd, 000514.662, 249
Trd, 000514.725, 243
Trd, 000514.979, 245
Trd, 000515.354, 249
Trd, 000515.508, 250
Trd, 000516.233, 249
Trd, 000516.333, 246
Trd, 000516.550, 243
Trd, 000516.846, 247
Trd, 000517.508, 238
Trd, 000517.558, 239
Trd, 000517.992, 237
Trd, 000519.129, 237
Trd, 000519.192, 237
Trd, 000519.367, 239
Trd, 000519.383, 235
Trd, 000519.775, 214
Trd, 000520.821, 193
Trd, 000520.833, 204
Trd, 000520.992, 206
Trd, 000521.021, 210
Trd, 000521.283, 146
Trd, 000521.433, 146
Trd, 000521.500, 149
Trd, 000521.625, 153
Trd, 000521.633, 217
Trd, 000521.679, 219
Trd, 000521.712, 221
Trd, 000522.392, 181
Trd, 000522.637, 181
Trd, 000522.862, 222
Trd, 000523.875, 189
Trd, 000524.417, 193
Trd, 000524.667, 181
Trd, 000525.667, 220
Trd, 000525.721, 220
Trd, 000525.983, 220
Trd, 000526.475, 220
Trd, 000526.646, 219
Trd, 000526.746, 215
Trd, 000527.092, 211
Trd, 000527.137, 192
Trd, 000527.683, 187
Trd, 000527.817, 216
Trd, 000528.054, 207
Trd, 000528.392, 214
Trd, 000528.787, 208
Trd, 000528.975, 212
Trd, 000529.333, 187
Trd, 000529.533, 186
Trd, 000530.146, 183
Trd, 000530.254, 209
Trd, 000530.337, 210
Trd, 000531.142, 185
Trd, 000531.604, 203
Trd, 000532.312, 214
Trd, 000532.329, 212
Trd, 000532.762, 211
Trd, 000532.833, 215
Trd, 000532.908, 210
Trd, 000533.150, 210
Trd, 000533.379, 206
Trd, 000533.404, 204
Trd, 000533.850, 218
Trd, 000533.912, 203
Trd, 000534.579, 208
Trd, 000534.737, 211
Trd, 000535.021, 210
Trd, 000535.625, 210
Trd, 000535.717, 212
Trd, 000536.154, 209
Trd, 000536.221, 207
Trd, 000536.287, 206
Trd, 000536.958, 205
Trd, 000537.071, 204
Trd, 000537.304, 203
Trd, 000537.396, 202
Trd, 000537.767, 198
Trd, 000537.775, 196
Trd, 000537.875, 204
Trd, 000538.092, 191
Trd, 000538.275, 181
Trd, 000538.617, 171
Trd, 000539.058, 158
Trd, 000539.204, 177
Trd, 000539.450, 172
Trd, 000539.587, 163
Trd, 000539.612, 168
Trd, 000540.162, 173
Trd, 000540.500, 177
Trd, 000541.229, 176
Trd, 000541.825, 175
Trd, 000542.342, 178
Trd, 000542.667, 189
Trd, 000543.208, 183
Trd, 000543.554, 187
Trd, 000544.042, 229
Trd, 000544.783, 237
Trd, 000546.788, 270
Trd, 000547.308, 270
Trd, 000547.546, 269
Trd, 000548.554, 287
Trd, 000548.796, 286
Trd, 000549.446, 283
Trd, 000549.508, 277
Trd, 000549.567, 277
Trd, 000549.875, 276
Trd, 000550.283, 276
Trd, 000550.333, 272
Trd, 000550.625, 271
Trd, 000550.900, 269
Trd, 000551.113, 269
Trd, 000551.196, 275
Trd, 000551.717, 269
Trd, 000552.288, 268
Trd, 000552.442, 262
Trd, 000552.571, 267
Trd, 000552.717, 267
Trd, 000552.879, 261
Trd, 000553.533, 269
Trd, 000553.558, 262
Trd, 000553.608, 269
Trd, 000553.754, 271
Trd, 000553.829, 273
Trd, 000553.938, 273
Trd, 000555.125, 260
Trd, 000555.467, 259
Trd, 000555.642, 260
Trd, 000555.683, 259
Trd, 000556.000, 259
Trd, 000556.100, 268
Trd, 000556.379, 258
Trd, 000556.538, 259
Trd, 000556.738, 257
Trd, 000556.954, 259
Trd, 000557.121, 257
Trd, 000557.500, 251
Trd, 000558.004, 252
Trd, 000558.221, 248
Trd, 000558.500, 249
Trd, 000558.688, 248
Trd, 000558.817, 249
Trd, 000558.825, 250
Trd, 000559.408, 250
Trd, 000559.833, 247
Trd, 000559.938, 248
Trd, 000560.425, 245
Trd, 000560.600, 244
Trd, 000560.608, 249
Trd, 000560.779, 242
Trd, 000560.954, 248
Trd, 000561.229, 248
Trd, 000561.658, 244
Trd, 000562.288, 236
Trd, 000562.754, 235
Trd, 000562.833, 245
Trd, 000563.050, 245
Trd, 000563.133, 241
Trd, 000563.225, 233
Trd, 000563.942, 244
Trd, 000564.088, 244
Trd, 000564.667, 231
Trd, 000564.917, 236
Trd, 000565.154, 209
Trd, 000565.300, 236
Trd, 000566.008, 233
Trd, 000566.158, 242
Trd, 000566.488, 244
Trd, 000566.979, 246
Trd, 000567.083, 246
Trd, 000567.538, 248
Trd, 000567.667, 247
Trd, 000567.679, 248
Trd, 000567.992, 248
Trd, 000568.325, 247
Trd, 000568.392, 248
Trd, 000568.438, 246
Trd, 000568.583, 255
Trd, 000568.779, 245
Trd, 000568.796, 250
Trd, 000568.942, 244
Trd, 000569.696, 276
Trd, 000570.167, 262
Trd, 000570.488, 245
Trd, 000570.642, 245
Trd, 000570.933, 260
Trd, 000571.254, 239
Trd, 000571.663, 223
Trd, 000572.058, 239
Trd, 000572.179, 225
Trd, 000572.900, 221
Trd, 000572.904, 214
Trd, 000573.454, 207
Trd, 000573.500, 203
Trd, 000574.504, 209
Trd, 000574.646, 173
Trd, 000574.858, 181
Trd, 000574.942, 169
Trd, 000575.017, 212
Trd, 000575.446, 191
Trd, 000575.746, 157
Trd, 000576.104, 186
Trd, 000577.083, 171
Trd, 000577.246, 160
Trd, 000577.275, 199
Trd, 000577.825, 185
Trd, 000577.850, 186
Trd, 000577.892, 182
Trd, 000578.008, 200
Trd, 000578.425, 201
Trd, 000578.938, 199
Trd, 000579.471, 206
Trd, 000580.029, 183
Trd, 000580.071, 195
Trd, 000580.158, 182
Trd, 000580.379, 197
Trd, 000580.825, 212
Trd, 000581.238, 200
Trd, 000581.425, 213
Trd, 000581.500, 215
Trd, 000581.550, 221
Trd, 000582.133, 243
Trd, 000582.367, 206
Trd, 000582.525, 198
Trd, 000584.167, 183
Trd, 000584.558, 223
Trd, 000584.854, 194
Trd, 000585.479, 212
Trd, 000585.767, 207
Trd, 000586.896, 229
Trd, 000587.400, 223
Trd, 000587.433, 209
Trd, 000587.579, 227
Trd, 000587.654, 226
Trd, 000588.100, 220
Trd, 000588.263, 216
Trd, 000588.613, 206
Trd, 000588.917, 224
Trd, 000588.975, 204
Trd, 000589.229, 203
Trd, 000589.446, 95
Trd, 000589.513, 221
Trd, 000590.288, 113
Trd, 000590.338, 123
Trd, 000590.738, 135
Trd, 000591.208, 150
Trd, 000591.246, 152
Trd, 000591.483, 162
Trd, 000592.217, 163
Trd, 000593.379, 187
Trd, 000593.383, 188
Trd, 000593.446, 166
Trd, 000593.679, 193
Trd, 000594.092, 173
Trd, 000594.188, 180
Trd, 000594.383, 171
Trd, 000594.413, 186
Trd, 000594.567, 190
Trd, 000594.658, 217
Trd, 000594.754, 164
Trd, 000594.817, 169
Trd, 000595.621, 207
Trd, 000595.729, 206
Trd, 000596.142, 219
Trd, 000596.275, 216
Trd, 000596.546, 203
Trd, 000596.667, 219
Trd, 000597.450, 204
Trd, 000597.475, 203
Trd, 000598.179, 206
Trd, 000598.367, 201
Trd, 000598.392, 220
Trd, 000598.513, 261
Trd, 000598.642, 202
Trd, 000598.746, 188
Trd, 000599.200, 201
Trd, 000599.413, 187
Trd, 000599.825, 191
Trd, 000599.983, 213
